@misc {wsnbguir,
    title  = "Сидоренко, А.В. Использование беспроводных сенсорных сетей в задачах мониторинга техногенных объектов",
    note   = "/ А. В. Сидоренко, К. С. Мулярчик // Доклады БГУИР. - 2015. - № 7 (93). - С. 77 - 82."
}

@misc {meshrouting,
    title = "{Mesh wireless sensor networks: Choosing the appropriate technology [Электронный ресурс]}",
    note = "// Industrial Embedded Computing. Интернет-журн. — 21.06.09. — Режим доступа: \url{http://industrial.embedded-computing.com/article-id/?4098=} (дата обращения: 02.02.2017)"
}

@misc {atmelcrystal,
    title = "{Atmel 8-bit Microcontroller with 4/8/16/32KBytes In-System Programmable Flash. Datasheet [Электронный ресурс]}",
    note = ".- стр. 33. — Режим доступа: \url{http://www.atmel.com/images/Atmel-8271-8-bit-AVR-Microcontroller-ATmega48A-48PA-88A-88PA-168A-168PA-328-328P_datasheet_Complete.pdf}"
}

@Article{ieee802154,
	author={},
	journal={IEEE Std. 802.15.4-2011 (Revision of IEEE Std. 802.15.4-2006)},
	title={{IEEE Standard Local and metropolitan area networks - Part 15.4: Low-Rate Wireless Personal Area Networks (LR-WPANs)}},
	year={2011},
	isbn = { ISBN 978-0-7381-6683-4 STD97126},
	pdfisbn = {ISBN 978-0-7381-6684-1 STDPD97126},
	month = {September},
}

@misc {digimanual,
    title = "{XBee/XBee-PRO DigiMesh 2.4. User Guide, стр. 59-68 [Электронный ресурс]}",
    note = "// Digi International Inc. — 2009. — Режим доступа: \url{https://www.digi.com/resources/documentation/digidocs/pdfs/90000991.pdf}"
}

@misc {zigexploit,
    title = "{Ms. Smith. Researchers exploit ZigBee security flaws that compromise security of smart homes [Электронный ресурс]}",
    note = "// Network World. Интернет-журн. — 21.08.2015. — Режим доступа: \url{http://www.networkworld.com/article/2969402/microsoft-subnet/researchers-exploit-zigbee-security-flaws-that-compromise-security-of-smart-homes.html} (дата обращения: 02.02.2017)"
}

@techreport{rfc4944,
  author = {G. Montenegro and N. Kushalnagar and J. Hui and D. Culler},
  title = {Transmission of IPv6 Packets over IEEE 802.15.4 Networks},
  howpublished = {Internet Requests for Comments},
  type = {RFC},
  number = {4944},
  year = {2007},
  month = {September},
  issn = {2070-1721},
  publisher = {RFC Editor},
  institution = {RFC Editor},
  note = {URL: \url{http://www.rfc-editor.org/rfc/rfc4944.txt} (дата обращения: 21.01.2017)},
}

@misc {arduino,
    title = "{Building an Arduino on a Breadboard [Электронный ресурс]}",
    note = "// Arduino. — 2008. — Режим доступа: \url{https://www.arduino.cc/en/Main/Standalone}"
}

@misc {iec62591,
    title = "{IEC62591. Industrial communication networks — Wireless communication network and communication profiles - WirelessHART}"
}

@misc {ism868,
    title = "Частотный диапазон 868 МГц. Безлицензионные стандарты [Электронный ресурс]",
    note = "// Профессиональные средства радиосвязи. — Режим доступа: \url{http://mobilradio.ru/information/vocabulary/band-868.htm}"
}

@ARTICLE {zhaolliugchenjzhangzw2009,
    author  = "Zhao, L. and Liu, G. and Chen. J. and Zhang, Z.W.",
    title   = "Flooding and directed diffusion routing algorithm in wireless sensor networks",
    journal = "Ninth International Conference on Hybrid Intelligent Systems",
    year    = "2009",
    pages   = "235-239"
}

@ARTICLE {gossip,
    author  = "Pishyar, S. and Ghiasian, A. and Khayyambashi, M.R.",
    title   = "{Gossip-based Energy Aware Routing Algorithm for Wireless Sensor Network}",
    journal = "International Journal of Computer Networks and Communications Security",
    volume  = 3,
    number  = 4,
    month   = "apr",
    year    = "2015",
    pages   = "164-172"
}

@ARTICLE {uflood,
    author = "Subramanian, J. and Morris, R. and Balakrishnan H.",
    title  = "{UFlood: High-Throughput Flooding over Wireless Mesh Networks}",
    publisher = "Proc. of IEEE INFOCOM",
    year   = "2012"
}

@ARTICLE {routingsurvey,
    title   = "A survey of routing algorithms for wireless sensor networks",
    author  = "Narasimha Datta, N. and Gopinath, K.",
    year    = "2015",
    journal = "J. Indian Inst. Sci.",
    volume  = 86,
    pages   = "569–598"
}
